<record xmlns="http://www.loc.gov/MARC21/slim">
   <leader>04340nam a2200397 i 4500</leader>
   <controlfield tag="001">6786220</controlfield>
   <controlfield tag="003">FlBoTFG</controlfield>
   <controlfield tag="005">20150115163112.0</controlfield>
   <controlfield tag="006">m|||||o||d||||||||</controlfield>
   <controlfield tag="007">cr||||</controlfield>
   <controlfield tag="008">150115t20152015fluadf  ob    001 0 eng d</controlfield>
   <datafield ind1=" " ind2=" " tag="020">
      <subfield code="a">9781466593787 (e-book : PDF)</subfield>
   </datafield>
   <datafield ind1=" " ind2=" " tag="035">
      <subfield code="a">ocn895661011</subfield>
   </datafield>
   <datafield ind1=" " ind2=" " tag="039">
      <subfield code="a">exclude</subfield>
   </datafield>
   <datafield ind1=" " ind2=" " tag="040">
      <subfield code="a">FlBoTFG</subfield>
      <subfield code="b">eng</subfield>
      <subfield code="e">rda</subfield>
      <subfield code="c">FlBoTFG</subfield>
      <subfield code="d">AEU</subfield>
   </datafield>
   <datafield ind1=" " ind2="4" tag="050">
      <subfield code="a">QP702.S8</subfield>
      <subfield code="b">D54 2015</subfield>
   </datafield>
   <datafield ind1=" " ind2=" " tag="090">
      <subfield code="a">Internet Access</subfield>
      <subfield code="b">AEU</subfield>
   </datafield>
   <datafield ind1="0" ind2="0" tag="245">
      <subfield code="a">Dietary sugars and health /</subfield>
      <subfield code="c">edited by Michael I. Goran, Professor of Preventive Medicine and Pediatrics, Keck School of Medicine, University of Southern California, Los Angeles; Luc Tappy, Professor of Physiology, Lausanne University School of Biology and Medicine, Switzerland; Kim-Anne Lê, Research Scientist, Dept. of Nutrition and Health, Nestle Research Center, Nestec Ltd.</subfield>
   </datafield>
   <datafield ind1=" " ind2="1" tag="264">
      <subfield code="a">Boca Raton :</subfield>
      <subfield code="b">CRC Press,</subfield>
      <subfield code="c">[2015]</subfield>
   </datafield>
   <datafield ind1=" " ind2="4" tag="264">
      <subfield code="c">©2015</subfield>
   </datafield>
   <datafield ind1=" " ind2=" " tag="300">
      <subfield code="a">1 online resource.</subfield>
   </datafield>
   <datafield ind1=" " ind2=" " tag="336">
      <subfield code="a">text</subfield>
      <subfield code="2">rdacontent</subfield>
   </datafield>
   <datafield ind1=" " ind2=" " tag="337">
      <subfield code="a">computer</subfield>
      <subfield code="2">rdamedia</subfield>
   </datafield>
   <datafield ind1=" " ind2=" " tag="338">
      <subfield code="a">online resource</subfield>
      <subfield code="2">rdacarrier</subfield>
   </datafield>
   <datafield ind1=" " ind2=" " tag="504">
      <subfield code="a">Includes bibliographical references and index.</subfield>
   </datafield>
   <datafield ind1="0" ind2=" " tag="505">
      <subfield code="a">Social aspects of dietary sugars / Amy K. McLennan, Stanley J. Ulijaszek, and Karin Eli -- Political economies of sugar : views from a former sugarcane industry / Marisa Wilson and Vishala Parmasad -- Sugars in beverages and body weight / France Bellisle -- Sugars in confectionery products : technical functions and links to health outcomes / Laura Shumow -- Effects of dietary sugars from natural sources on health outcomes / Eva Arrigoni, Christina Kast, and Barbara Walther -- High-fructose syrup : so, what is it exactly? / John S. White -- Biological and health effects of nonnutritive sweeteners / Allison C. Sylvetsky, Rebecca J. Brown, and Kristina I. Rother -- Nutrition economics related to consumption of dietary sugars / Adam Drewnowski -- Sugar consumption in the food and beverage supply across the globe / Barry M. Popkin -- Dietary intake and availability of fructose and sweeteners in the USA / Bernadette P. Marriott -- Metabolism of hexoses / Yeo Shi Hui, Lim Wen Bin, and Mary Chong Foong Fong -- Sugars and metabolic disorders in animal models including primates / Michael Pagliassotti, Kimberly Cox-York, and Tiffany Weir -- Contributions of sugars to metabolic disorders in human models / Kim-Anne Lê and Luc Tappy -- Satiating effects of fructose and glucose / Yada Treesukosol and Timothy H. Moran -- Sugars in the brain / Jonathan Q. Purnell -- Sugars, obesity, and chronic diseases in adults / Vasanti S. Malik and Frank B. Hu -- Dietary sugars, obesity, and chronic diseases in children / Jaimie N. Davis and Stacey Lee -- Impact of dietary sugars on obesity and metabolic risk during critical periods of growth and development / Michael I. Goran -- Mechanisms by which dietary sugars influence lipid metabolism, circulating lipids and lipoproteins, and cardiovascular risk / Kimber L. Stanhope and Peter J. Havel -- Sugars, fructose, hypertension, and kidney disease / Laura Gabriela Sánchez Lozada, Magdalena Madero, Sirirat Reungjui, and Richard J. Johnson -- Effect of sugars on markers of cardiometabolic disease : an overview of meta-analyses / Viranda H. Jayalath [and six others] -- Mechanisms of nonalcoholic fatty liver disease induced by dietary sugars : methods of investigation / Qiong Hu and Elizabeth J. Parks -- Dietary sugars and dental health / Sára Karjalainen, Eva Söderling, and Adrian Lussi -- Dietary sugars and cancer risk / Victoria J. Burley and Janet E. Cade -- Dietary sugars and physical performance / Asker E. Jeukendrup -- Toward evidence-based policies for reduction of dietary sugars : lessons from the alcohol experience / Laura A. Schmidt, Anisha I. Patel, Claire D. Brindis, and Robert H. Lustig.</subfield>
   </datafield>
   <datafield ind1=" " ind2=" " tag="506">
      <subfield code="a">Access restricted to authorized users and institutions.</subfield>
   </datafield>
   <datafield ind1=" " ind2=" " tag="596">
      <subfield code="a">44</subfield>
   </datafield>
   <datafield ind1=" " ind2="0" tag="650">
      <subfield code="a">Sugar</subfield>
      <subfield code="x">Health aspects.</subfield>
   </datafield>
   <datafield ind1=" " ind2="0" tag="650">
      <subfield code="a">Sucrose</subfield>
      <subfield code="x">Physiological effect.</subfield>
   </datafield>
   <datafield ind1="1" ind2=" " tag="700">
      <subfield code="a">Goran, Michael I.,</subfield>
      <subfield code="e">editor.</subfield>
   </datafield>
   <datafield ind1="1" ind2=" " tag="700">
      <subfield code="a">Tappy, Luc,</subfield>
      <subfield code="e">editor.</subfield>
   </datafield>
   <datafield ind1="1" ind2=" " tag="700">
      <subfield code="a">Lê, Kim-Anne,</subfield>
      <subfield code="e">editor.</subfield>
   </datafield>
   <datafield ind1="4" ind2="0" tag="856">
      <subfield code="3">University of Alberta Access</subfield>
      <subfield code="u">http://marc.crcnetbase.com/isbn/9781466593787</subfield>
      <subfield code="z">(Unlimited Concurrent Users)</subfield>
   </datafield>
   <datafield ind1=" " ind2=" " tag="949">
      <subfield code="h">UAIN</subfield>
      <subfield code="z">CRC</subfield>
   </datafield>
   <datafield ind1=" " ind2=" " tag="926">
      <subfield code="a">Internet Access</subfield>
      <subfield code="w">LC</subfield>
      <subfield code="c">1</subfield>
      <subfield code="i">6786220-1001</subfield>
      <subfield code="l">INTERNET</subfield>
      <subfield code="m">UAINTERNET</subfield>
      <subfield code="r">Y</subfield>
      <subfield code="s">Y</subfield>
      <subfield code="t">E-RESOURCE</subfield>
      <subfield code="u">1/20/2015</subfield>
      <subfield code="x">E-BOOK</subfield>
      <subfield code="z">CRC</subfield>
   </datafield>
</record>
